@misc{frei2002digital,
  title={Digital sound generation},
  author={Frei, Beat},
  year={2002}
}

@misc{ wiki:IIR,
   author = "Wikipedia",
   title = "Infinite impulse response",
   year = "2016",
   note = "\href{https://en.wikipedia.org/wiki/Infinite_impulse_response}{External link} [Online; accessed 2016/12/16]",
 }